@book{wickham2019,
  title     = {R para Data Science},
  subtitle  = {importe, arrume, transforme, visualize e modele dados},
  author    = {Hadley Wickham and Garrett Grolemund},
  year      = {2019},
  publisher = {Alta Books},
  address   = {Rio de Janeiro}
}